@BOOK{<label>,
    author = {<Author>},
    year = <year>,
    title = {<title>}, 
    publisher = {<publisher>}
}

@ARTICLE{<label>,
    author = {<Author>},
    month = "<month>",
    year = "<year>",
    title = {<title>}, 
    journal = "<Journal>",
    volume = "<volume>", 
    number = "<number>",
    pages = {<firstpage--lastpage>}
}
