@BOOK{<label>,
    author = {<Author>},
    year = <year>,
    title = {<title>}, 
    publisher = {<publisher>}
}

@BOOK{notes-fluid-dynamics,
	author = "Tom Van Doorsselaere",
	year = "2019",
	title = "Mathematical introduction to fluid dynamics (course notes)"
}
	
@MISC{pluto-manual,
	author = "A. Mignone, et al.",
	year = 2018,
	title = "PLUTO User's guide"}

@ARTICLE{<label>,
    author = {<Author>},
    month = "<month>",
    year = "<year>",
    title = {<title>}, 
    journal = "<Journal>",
    volume = "<volume>", 
    number = "<number>",
    pages = {<firstpage--lastpage>}
}
